@misc{EN50126:2000,
 year = {2000},
 title = {Railway applications - The specification and demonstration of reliability, availability, maintainability and safety (RAMS)},
 urldate = {03.2000},
 volume = {29.280},
 number = {50126},
 author = {EN50126}
}

@misc{EN50128:2011,
 year = {2011},
 title = {Railway applications - Communications, signalling and processing systems - Software for railway control and protection systems},
 urldate = {24.08.2012},
 volume = {35.240.60},
 number = {50128},
 author = {EN50128}
}

@misc{EN50129:2003,
 year = {2003},
 title = {Railway applications - Communication, signalling and processing systems â€“ Safety related electronic systems for signalling},
 urldate = {01.12.2003},
 volume = {93.100},
 number = {50129},
 author = {EN50129}
}
